<collection xmlns="http://www.loc.gov/MARC21/slim">
<record>
  <leader>02160nam0a2200325 i 450 </leader>
  <controlfield tag="001">IT\ICCU\CNCE\071508</controlfield>
  <controlfield tag="005">20110217000000.0</controlfield>
  <datafield tag="012" ind1=" " ind2=" ">
    <subfield code="a">r-de nome nomi Prde (3) 1552 (R)</subfield>
    <subfield code="2">fei</subfield>
  </datafield>
  <datafield tag="100" ind1=" " ind2=" ">
    <subfield code="a">20070801d1552        0itac0103    ba</subfield>
  </datafield>
  <datafield tag="101" ind1=" " ind2=" ">
    <subfield code="a">ITA</subfield>
  </datafield>
  <datafield tag="102" ind1=" " ind2=" ">
    <subfield code="a">IT</subfield>
  </datafield>
  <datafield tag="200" ind1="1" ind2=" ">
    <subfield code="a">℗Gli ℗miracolosi discorsi, et prouerbii: con boni essempii, et pronostici veri dil reuerendo m. Hieronymo Messio prothonotario appostolico, et familiare de reuerendissimo et illustrissimo cardinale Crescentio legato del sacro sancto Concilio Tridentino, et maxime delle uirtude et li miracoli delli psalmi del sancto psalterio dauitico. Esperimentati si come leggendo tu lettore detti discorsi intenderai redrezzati alla santita de papa Iulio tertio. Et delle grandezze, et raggione, di quello hauera a essere,e si hauera a fare per questo terminato capitanio de Dio il beato Carlo quinto alto imperatore, conseruatore della cristiana gente uniuersale, et persecutore de tutti quelli che uengono e sonno uenuti contra la sancta fede de Christo ...</subfield>
  </datafield>
  <datafield tag="210" ind1=" " ind2=" ">
    <subfield code="e">Stampata in Mantoua</subfield>
    <subfield code="g">per Venturino Ruffinello</subfield>
    <subfield code="h">1552</subfield>
  </datafield>
  <datafield tag="215" ind1=" " ind2=" ">
    <subfield code="a">51, \1! c.</subfield>
    <subfield code="c">ill.</subfield>
    <subfield code="d">4ʻ</subfield>
  </datafield>
  <datafield tag="620" ind1=" " ind2=" ">
    <subfield code="a">IT</subfield>
    <subfield code="d">Mantova</subfield>
  </datafield>
  <datafield tag="700" ind1=" " ind2="1">
    <subfield code="a">Messio,</subfield>
    <subfield code="b">Girolamo</subfield>
    <subfield code="3">IT\ICCU\CNCA\020966</subfield>
  </datafield>
  <datafield tag="712" ind1="0" ind2="0">
    <subfield code="a">Ruffinelli, Venturino</subfield>
    <subfield code="3">IT\ICCU\CNCT\000115</subfield>
    <subfield code="4">650</subfield>
  </datafield>
  <datafield tag="791" ind1="0" ind2="0">
    <subfield code="a">Roffinelli, Venturino</subfield>
    <subfield code="3">IT\ICCU\CNCT\002580</subfield>
    <subfield code="z">Ruffinelli, Venturino</subfield>
  </datafield>
  <datafield tag="791" ind1="0" ind2="0">
    <subfield code="a">Ruffinello, Venturino</subfield>
    <subfield code="3">IT\ICCU\CNCT\005448</subfield>
    <subfield code="z">Ruffinelli, Venturino</subfield>
  </datafield>
  <datafield tag="791" ind1="0" ind2="0">
    <subfield code="a">Ruffinellus, Venturinus</subfield>
    <subfield code="3">IT\ICCU\CNCT\005450</subfield>
    <subfield code="z">Ruffinelli, Venturino</subfield>
  </datafield>
  <datafield tag="791" ind1="0" ind2="0">
    <subfield code="a">Ruffinellis, Venturinus de</subfield>
    <subfield code="3">IT\ICCU\CNCT\005461</subfield>
    <subfield code="z">Ruffinelli, Venturino</subfield>
  </datafield>
  <datafield tag="791" ind1="0" ind2="0">
    <subfield code="a">Roffinello, Venturino</subfield>
    <subfield code="3">IT\ICCU\CNCT\005463</subfield>
    <subfield code="z">Ruffinelli, Venturino</subfield>
  </datafield>
  <datafield tag="791" ind1="0" ind2="0">
    <subfield code="a">Roffinellus, Venturinus</subfield>
    <subfield code="3">IT\ICCU\CNCT\005468</subfield>
    <subfield code="z">Ruffinelli, Venturino</subfield>
  </datafield>
  <datafield tag="801" ind1=" " ind2="3">
    <subfield code="a">IT</subfield>
    <subfield code="b">ICCU</subfield>
    <subfield code="c">20201115</subfield>
  </datafield>
  <datafield tag="899" ind1=" " ind2=" ">
    <subfield code="a">Biblioteca Marucelliana. Firenze</subfield>
    <subfield code="1">FI0101</subfield>
    <subfield code="2">CFI MF</subfield>
  </datafield>
  <datafield tag="899" ind1=" " ind2=" ">
    <subfield code="a">Biblioteca statale. Lucca</subfield>
    <subfield code="1">LU0022</subfield>
    <subfield code="2">LUA BL</subfield>
  </datafield>
  <datafield tag="899" ind1=" " ind2=" ">
    <subfield code="a">Biblioteca comunale. Treviso</subfield>
    <subfield code="1">TV0114</subfield>
    <subfield code="2">VIA CT</subfield>
  </datafield>
  <datafield tag="899" ind1=" " ind2=" ">
    <subfield code="a">British Library. London</subfield>
    <subfield code="1">UK0001</subfield>
  </datafield>
  <datafield tag="899" ind1=" " ind2=" ">
    <subfield code="a">Biblioteca nazionale Marciana. Venezia</subfield>
    <subfield code="1">VE0049</subfield>
    <subfield code="2">VEA BM</subfield>
  </datafield>
  <datafield tag="899" ind1=" " ind2=" ">
    <subfield code="a">Biblioteca civica Bertoliana. Vicenza</subfield>
    <subfield code="1">VI0096</subfield>
    <subfield code="2">VIA BE</subfield>
  </datafield>
</record>
</collection>
